2646 4680
332 1300 560 1412 Lecturo
600 1296 880 1448 bibliopola
922 1278 972 1410 S.

132 1629 328 1713 Tandem
342 1622 540 1730 aliquando
555 1620 757 1704 absolvitur
770 1627 838 1703 sub
850 1623 1084 1705 celebrandas
1095 1626 1225 1710 inten-

87 1809 126 1863 re
139 1773 452 1885 typographicae
465 1773 551 1853 artis
564 1773 672 1852 serias
687 1771 866 1859 seculares
882 1803 973 1877 opus
986 1772 1057 1852 hoc
1070 1777 1226 1879 primae·

87 1930 118 2011 is
141 1924 266 2007 istius
285 1921 376 2000 artis
398 1921 646 2000 monumentis
665 1938 935 2016 consecratum,
960 1925 1099 2018 eterit,
1124 1931 1222 2031 quod

86 2071 293 2158 mtuletur
315 2071 413 2150 orbis
429 2070 609 2151 literatius
630 2071 737 2150 nobis
757 2069 993 2149 offerentibus
1011 2072 1131 2189 multo⁸
1144 2075 1224 2152 aliis

86 2222 296 2307 beriorem
326 2217 472 2296 illorum
506 2235 828 2297 monumentorum
863 2248 1072 2316 recensum,
1113 2252 1224 2327 quem

86 2366 290 2451 onsecisse
330 2394 406 2444 non
445 2364 542 2442 inter
579 2365 730 2444 minima
768 2366 1010 2447 Germanicae
1049 2371 1226 2467 nationis,

85 2547 178 2625 prae
215 2513 318 2592 hanc
349 2527 465 2590 artem
497 2512 658 2606 invenit,
692 2514 822 2592 decora
850 2515 1005 2595 relatum
1035 2519 1078 2596 iri
1104 2550 1226 2625 spera·

85 2693 173 2745 nus·
252 2664 477 2764 Quanquam
514 2689 589 2738 non
626 2663 846 2751 diffitemur,
892 2663 964 2742 hoc
1001 2697 1092 2771 opus
1130 2671 1227 2750 inter

85 2827 208 2894 antu
239 2808 416 2898 virtutes,
453 2808 574 2910 ipsum
597 2814 776 2886 Ebertum
802 2813 840 2888 in
866 2813 1157 2917 ephemeridibus
1181 2821 1226 2897 li-

86 2957 230 3041 etariis
247 2953 484 3032 Hallensibus
510 2957 593 3031 anui
615 2957 717 3032 1828.
737 2961 871 3038 mensis
889 2965 1104 3044 Decembris
1123 2997 1226 3069 prae-

84 3134 216 3189 onem
241 3115 391 3195 nactus,
427 3100 509 3179 labe
538 3099 697 3180 humana
723 3105 904 3211 aliquibus
930 3110 1018 3186 locis
1044 3113 1165 3214 tangi,
1203 3145 1223 3190 e

84 3257 172 3337 ivis
201 3266 333 3355 erepto
357 3263 507 3326 auctore
531 3249 614 3328 libri
639 3258 707 3332 sub
731 3253 842 3334 finem
870 3256 989 3334 adhuc
1012 3264 1080 3338 sub
1101 3261 1225 3362 proelo

84 3401 269 3497 udantis;
296 3404 372 3503 quo¹
398 3399 684 3495 arianismum,
710 3421 752 3480 ut
777 3420 859 3507 post
883 3435 1075 3483 numerum
1097 3408 1227 3483 16082.

83 3585 138 3636 en
179 3577 320 3630 vocem
351 3548 556 3649 Uguiton
592 3551 753 3652 partibus
787 3553 968 3627 nonnullis
1002 3554 1228 3631 elaborandis

83 3706 227 3784 leesset
265 3696 413 3774 erudita
444 3698 522 3797 ejus
554 3725 695 3773 manus.
759 3703 842 3800 Qua
883 3700 928 3776 de
963 3729 1023 3791 re,
1059 3715 1101 3775 ut
1133 3726 1228 3799 quae

82 3867 207 3932 ructor
239 3843 422 3948 reliquit,
461 3812 730 3936 insaciatae,
767 3873 887 3945 neque
925 3847 1061 3922 diutius
1096 3872 1139 3921 ea
1174 3876 1230 3922 re-

84 4001 190 4081 inere
225 3993 442 4083 voluimus,
481 3990 532 4067 ita
563 3989 795 4092 pollicemur,
826 4022 903 4070 ,nos
937 4022 1010 4069 non
1044 3992 1230 4095 neglectu-

82 4178 125 4233 οι
164 4146 351 4231 omnium
392 4138 485 4218 haec
524 4137 645 4218 studia
684 4141 984 4242 amplectentium
1023 4142 1230 4232 commoda,
